2688 3382
114 101 87 54 910

118 191 1177 47 mens. Ps. RVFIN. Ios. bell. Iud. 5, 93 tamquam -i terrore circumdati

122 229 1163 47 (gr. πανικῷ δείματι, item 5, 295). 6, 296 -is quaedam imago visa

118 263 1163 48 est:... visi sunt per inane ferri currus... et armatorum acies (gr. φάσμα

122 298 1159 47 τι δαιμόνιον). VOLVS. Aug. opist. 135, 2 -is illa (sc. a Christo peracta)

122 336 1161 51 purgatio (GLOSS. V 462, 49 -is p.: daemonum illa p.). SIDON. epist. 3,

122 372 1163 48 13, 7 tota ... est misero facies ita pallida veluti per horas umbris

120 407 1163 45 maestificata -bus. DRAC. Romul. 8, 632 solet umbra sequax hominem,

124 437 1161 49 -is imago, muta sequi. ARATOR act. 1, 479 hostes (i. daemonas, qui

122 482 1161 45 morbos efficiunt) a sensibus atros proicit ac nebulis -bus exuit artus

120 514 908 49 (Vulg. 5, 15 ut... liberarentur ab infirmitatibus suis).

193 544 338 57 [lãrvãns p. 978, 67.]

193 584 1045 52 lãrvãticus, -a, -um. a larua; cf. lymphaticus, lunaticus.

122 621 1161 44 i. q. morbo comitiali affectus: ISID. orig. 4, 7, 6 hos etiam vulgus

120 657 1163 45 lunaticos vocant, quod per lunae cursum comitetur eos insidia daemo¬

118 689 880 49 num; item et -i (var. l. barbatici, larvatio, barbatio).

603 108 212 51 LARVALIS

197 723 248 52 [larvatio l. 15.]

197 762 1011 47 1. lãruãtus, -a, -um. a larua; cf. cerritus, lymphatus sim.

120 800 1092 43 quattuor syllabarum est PLAVTO. in codd. scrib. et -ru- et -rb-.

120 836 1169 45 de notione: PAVL. FEST. p. 978, 5. NON. p. 44, 2O cerriti et -i male

120 871 1165 45 sani, et aut Cereris ira aut larvarum incursatione animo vexati (afferun¬

124 909 1163 43 tur exempla e PLAVT. Amph.). GLOSS. daemoniacus. insanus, quem larva

124 946 186 44 contigerat.

195 978 1092 45 i. q. Iarvis occupatus, male sanus: PLAVT. Amph. frg. 6 -u' s; ede¬

125 1018 1164 47 pol hominem miserum; medieum quaerita. 8 morbo medicari iube:

124 1050 1161 45 tu certe aut -us aut cerritus es. Men. 890 quid esse illi morbi, ... num

127 1089 1158 45 -ust aut cerritus? frg. inc. 48 pro -o te circumferam (cf. p. 978, 1).

125 1123 1162 45 APVL. p. 978, 66. met. 9, 31, 1 quem ad modum pistor -us ad inferos

124 1159 930 43 demeasset (describitur larva in mulierem mutata 9, 30, 3).

195 1191 1090 50 2. lãrvãtus, -ũs m. a larua; cf. 2. lymphatus. GLOSS. II 266, 1

120 1225 710 47 δαιμονισμός -s (prior u pro d corr. in cod.).

197 1258 1092 49 Laverna: larvearum dea, quae furibus praeest PORPH. Hor. epist.

125 1300 1164 45 1, 16, 60. obscurum, vix cum larva coniungendum. an lavernionum

124 1332 424 48 scribendum (cf. lavernio)?

1321 518 28 38 10

1325 682 20 52 15

1319 860 30 49 20

1323 1042 30 55 25

1327 1225 24 50 20

1328 1401 23 51 35

1323 1583 32 49 40

1323 1760 34 49 45

1327 1939 28 50 50

1325 2123 32 52 55

1323 2299 36 49 60

1325 2476 34 52 65

1319 2647 41 54 70

1332 2831 25 51 75

1328 3006 34 49 80

197 1367 1094 47 lãrveus, -a, -um. a larva, fictum ad angustias carminis figurati

124 1405 1165 54 superandas. i. q. larvalis, larvae similis: VEN. FORT. carm. 5, 6

125 1442 1128 53 p. 117, 13 diabolus serpens ... , zelator, -us hostis. Steinmann.

1383 195 1167 43 ac -ae. TER. Haut. 945 animus luxuria et -a diffluit. PORC. LIC. carm.

1383 227 1165 45 frg. 3, 1 dum -am nobilium... petit Terentius. CIC. fin. 2, 65 non...

1385 264 1167 46 hilaritate nec -a nec risu aut ioco... sunt beati. PVBLIL. L 7 -a et laus

1387 298 1163 45 numquam habent concordiam. LVCR. 5, 1400 caput ... redimire coro¬

1385 336 1167 45 nis... -a laeta monebat. SALL. Catil. 31, 1 ex summa laetitia atque

1387 372 1163 41 -a. Iug. 39, 5 quos ... licentia atque -a corruperat. 41, 3 -a atque su¬

1387 407 1163 47 perbia (LIV. 8, 29, 3). 66, 2 dies festus ludum et -am magis quam for¬

1389 443 1163 45 midinem ostentabat. RVT. LVP. 1, 18 (vertitur Lycurgi frg.) cuius omnes

1389 480 1163 42 corporis partes ad nequitiam sunt appositissimae: oculi ad petulantem

1389 516 1165 43 -am eqs. (cf. p. 981, 22). OV. fast. 5, 331 quare -a maior his foret in

1387 544 1165 49 ludis (Floralibus ut LACT. inst. 1, 20, 10 celebrantur ... cum omni -a).

1389 584 1161 47 LIV. 1, 5, 2 ut nudi iuvenes ... per lusum atquo -am currerent Luper¬

1387 623 1165 40 calibus. 2, 18, 2. 23, 11, 3 (responsum Apollinis) -am a vobis prohi¬

1385 657 1167 45 betote. 24, I6, 14 per -am ac iocum ... ludibundi. 37, 20, 5 in iuvenales

1385 689 1167 45 lusus -amque versi milites. 39, 15, 7 Bacchanalia concessum ludum et

1389 730 1161 45 -am ... esse. 39, 42, 9  -am (-a var. l.) cum cavillaretur. CELS.

1390 764 1160 45 3, 24, 5 utendum lusu, ioco, ludis, -a, per quae mens oxhilaretur. SEN.

1387 800 1163 47 dial. 11 (12), 18, 5 quem non in iocos evocabit illa (nepotis) -a. CVRT. 6,

1390 836 1162 45 6, I continentiam ... et moderationem ... in superbiam ac -am vertit.

1392 868 1158 50 8, 10, 15 non divino instinctu, sed -a esse provectos milites bacchantes.

1392 903 1160 51 PLIN. nat. 5, 7 Aegipanum Satyrorumque -a impleri Atlantem montem

1390 943 1162 47 (cf. Mart. Cap. 6, 667 Satyris Aegipanisque bacchantibus). 11, I23 nec

1389 977 1161 48 alibi maior naturae -a: lusit animalium armis (14, 15 est et illa n. -a,

1390 1014 1160 47 ut praegrandibus uvis adhaereant parvi comites. cf. 14, 42 naturae lusu.

1390 1048 1160 49 v. et p. 982, 81). 36, 12 imaginem eius Hipponactis -a iocosam (Jahn,

1390 1087 1162 44 iocorum trad.) hi i. Bupalus et Athenis proposuere ridentium circulis.

1390 1117 1162 49 STAT. silv. 3, 5, 14 -a corde nulla. Tac. Agr. 5, 1 more iuvenum, qui

1390 1155 1160 45 militiam in -am vertunt. Germ. 24, 1 iuvenes inter gladios se ... saltu

1392 1189 1160 49 iaciunt; ... audacis -ae pretium est voluptas spectantium. dial. 29, 2

1389 1228 1163 45 parentes non probitati neque modestiae parvulos assuefaciunt, sed -ae

1390 1258 1162 53 et dicacitati. hist. 4, 2, 3 adversum plausum ac -am insultantis volgi

1390 1300 1160 45 immobiles. ann. 1, 31, 4 -ae sueta, laborum intolerans multitudo militum.

1392 1334 1158 48 18, 15, 2 dissimulationem nox et -a exemerat. 14, 17, 1 oppidana. 14, 20,

1394 1373 1158 41 4 patrios mores funditus everti per accitam -am sc. per ludos et certa¬

1389 1407 1163 47 mina. al. FRONTO p. 122, 9 v. d. H. (p. 128 N.) exercitus luxuria et -a

1394 1444 1160 44 et otio ... corruptus. GAIVS inst. 3, 202 si quid per -am et non data

1389 1476 1161 53 opera ... factum sit (similiter significantur in sermone iuris delicta,

1390 1512 1164 49 quae non dolo malo committuntur: MEN. dig. 49, 16, 6, 7 per vinum aut

1392 1544 1160 51 -am lapsis. VLP. coll. Mos. 12, 5, 2 nisi in lata et incauta neglegentia vel

1392 1582 1158 48 -a fuit [interpolatori tribuit Kunkel, ZSavSt. 45, 1925, 331sq.]. dig.

1392 1623 1160 41 48, 8, 4, 1 cum quidam per -am causam mortis praebuisset). APVL.

1390 1655 1162 45 Plat. 2, 4 opp. avaritia. TERT. nat. 1, 10, 44 (= apol. 15, 1) -ae ingenia.

1390 1692 1162 47 apol. 35, 1 solemnia eorum sc. imperatorum conscientia potius quam -a

1394 1730 1160 43 celebrant. pudic. 6 p. 230, 7 quae caro non -ae frondibus, sed sancti¬

1390 1766 1115 43 moniae floribus praecingeretur. AVR. VICT. Caes. 14, 6 omnia

2518 1766 19 41 .

1392 1799 1162 49 prospicere, quae luxus -aeque essent. EVTR. 9, 8, 1 Gallienus diu placi¬

1390 1833 1164 45 dus et quietus, mox in omnem -am dissolutus. AMM. 14, 6, 25 quae vela

1394 1873 1158 47 Campanam imitatus -am Catulus ... suspendit in theatro (Val. Max.

1394 1907 1156 45 2, 4, 6 luxuriam). HIER. epist. 24, 5, 2 in urbe pompae,-ae, deliciarum.

1392 1937 1164 56 VICTRIC. 27 intemperantiae, -ae ... colla fregerunt apostoli. CE 1166, 3

1390 1978 1089 45 cuius ... -a surgere... coeperat et dulces fingere nequitias. al.

1394 2012 1162 43 nomen tabulae, ut videtur: PLIN. nat. 35, 110 Philoxenus Eretrius

1392 2049 1160 47 pinxit ... -am, in qua tres Sileni comissantur. b plur. (cf. p. 981,

1390 2081 1164 45 31. 43): VAL. MAX, 6, 9 ext. 1 ut praecepta Xenocratis temulentiae -is

1389 2121 1163 43 elevarot Polemo. Tac. ann. 11, 36, 3 Messalina paribus -is ad cupidi¬

1392 2151 1158 47 nem et fastidia. TERT. apol. 39, 19 inceptiones -arum. idol. 1 p. 31, 5

1394 2192 1160 47 in illa (idololatria) -ae et ebrietates. adv. Val. 12 p. 191, 9 nauticorum

1394 2226 1156 45 -as gaudiorum. ARNOB. nat. 6, 12 ut in deorum corporibus -ae arti¬

1392 2262 1160 45 ficum luderent darentque his formas, quae... possent esse derisui.

1392 2297 1162 45 HIL. in Matth. 11, 5 quod luxu ac -is mollescat. EVAGR. vita Anton.

1396 2331 1162 47 1 p. 841 nec infantum -as nec puerorum negligentiam sectabatur (Migne

1390 2369 1168 49 gr. 26, 841A ὡς παῖς ἐρρθύμει, Vita Anton. vagabatur). AMBR. in

1394 2404 1164 44 LUC. 4, 2 -arum... inlecebris. in psalm. 37, 5, 4 luxui et voluptatibus et

1394 2438 1164 45 -is et carnis cupiditatibus vivit (cf. seriem similem 37, 6, 3). AVG. in

1389 2474 1167 47 euang. Ioh. 49, 14 -is et flagitiis inquinati. serm. 307, 1, 1 inter delicias

1390 2508 1166 45 et -as convivantium. EVSTATH. Basil. hex. 9, 5, 17 -as et protervitates

1392 2540 1160 50 illorum infantum (gr. non nisi τὸ ἀκόλαστον. cf. Ambr. hex. 6, 6, 38

1390 2579 1164 47 libertatem lasciviendi). ENNOD. epist. 1, 6, 5 p. 14, 20 antiquorum -as

1392 2615 1162 51 parca nituntur frugalitate reparare et profligantia patrimonium fulcire

1394 2654 151 44 culmina.

1466 2679 1088 54 2. animalium (cf. infra p. 981, 7): PACVV. trag 409 piscium -am

1396 2724 1156 43 (cf. PLIN. nat. 9, 34 delphinorum [opp. tristitia thursionum. PLIN epist.

1396 2756 1154 47 9, 33, 9])/ COLVM. 6, 29, 1 -a et alacritate (eculei ut AMBR. virg. 2, 6, 41

1396 2793 1156 51 prius adsuescitur verbo -ae quam verbere disciplinae). 7, 6, 7 haedorum

1398 2827 1156 47 -a compesconda. 7, 12, 12 canum catulos emitti lusus ac -ae causa. PLIN.

1396 2863 1158 49 nat. 8, 52 simiarum. 11, 115 posteriorum -a crurum petauristae nomi¬

1396 2899 1160 47 nantur animalia pulicum similia. 18, 364 pecora exultantia et indecora

1398 2934 1160 45 -a ludentia. LACT. inst. 3, 10, 2 ridere videntur bestiae cum... oculis in

1398 2968 1160 49 -am resolutis ... homini adludunt (fere eadem ira 7, 9. cf. epit. 28, 6

1396 3006 769 50 in gaudium et -am resolvuntur animalia). al.

1469 3040 1089 47 B speciatim in re amatoria (respicitur impudicitia sim.; argute

1398 3075 1154 49 per metonymiam fere de ipsis partibus genitalibus p. 981, 12; per oxym¬

1402 3113 735 41 oron usurpatur in bonam partem p. 981, 29):

2169 3113 383 47 1 sing.: OV. am. 1, 4,

1393 3139 1162 59 21 cum tibi succurret Veneris -a nostras. 3, 14, 19 stet procul inde (i. a

197 1474 334 46 larvoson v. larbasis.

199 1512 1090 47 larus, acc. -on, -um m. (?), λαǵος. nomen gaviae avis (EVCHER.

127 1544 1160 53 instr. p. 157, 14 GLOSS.): ITALA deut. 14, 15 (Lugd.) -on (-um VVLG.).

129 1578 1158 54 VVLG. lev. 11, 16 -um (Lugd. mergum. cf. HESYCH. ad l. p. 910B -us

129 1623 1160 45 animal est in utroque vivens, id est aqua et terra ... ; cui non male

125 1655 1136 45 comparantur hi, qui simul circumcisionem venerantur et baptisma).

197 1694 1056 42 lãrvula (-rbu- trad.) egisgrima (anglosax.) GLOSS.L Corp. L 11.

125 1726 143 45 a larva.

203 1764 1088 45 χαρωπός caesius, larvus GLOSS. II 476, 1. vix sanum nec a larva

125 1796 1162 56 derivandum. cf. GLOSS. III 454, 1 (485, 24) larsus χαροπός (ravus,

127 1833 380 45 torvus coni. viri docti).

199 1867 1092 51 laryngotomia, -ae f., λαρυγγοτομία. CAEL. AVR. acut. 3, 4, 39

131 1908 1158 44 Asclepiades approbat arteriae divisuram ob rospirationem facion¬

129 1944 750 47 dam, quam -am vocant. cf. pharyngotomia.

208 1976 211 45 1. lãs v. lar.

204 2010 1087 53 [2. Lobon id est las CHRON. min. I p. 186, 478. falso trad. pro

129 2044 1162 50 lac, v. Lagarde, Abh. Götting. 38, 1892 p. 19, 507. Wutz, Onom. sacra

131 2081 389 53 p. 757 et comm. p. 66O.]

1879 108 199 51 LASCIVIA

203 2115 1090 53 lasanum (-us), -ĩ n. (m.), λάσανον. masc. -us ANTH. (sec. vir

131 2153 1158 52 sim.), restituitur ap. PETRON. in serm. vulgari. la- pro longa est

133 2192 1156 47 ANTH. [vix recte trad. PS. THEOD. PRISC. add. p. 283, 29 si os telum¬

131 2222 1160 45 ve in corpore latet, incantas '-a, piscator, exi foras et fac, quod tibi

131 2258 919 54 iussit Iupiter' (sana coniecit Heraeus in exemplari suo.]

206 2297 1083 44 i. q. vas alvo exonerandae aptum: HOR. sat. 1, 6, 109 praetorem

133 2335 1156 45 quinque sequuntur te Tillium pueri, -um portantes oenophorumque

135 2371 1156 45 (SCHOL.: vas, in quo exoneratur venter eqs.). PETRON. 41, 9 Trimalchio

133 2401 1156 50 ad -um (lasammum trad.) surrexit. 47, 5 (loq. Trimalchio) si quid plus

133 2438 1156 47 quam crepitus ventris venit, omnia foras parata sunt: aqua, -i (Bücheler,

133 2472 1158 45 lassant trad., -um Scheffer) et cetera minutalia. inde de homine

127 2508 628 51 foetido: ANTH. 205, 13 -us es plenus.

2475 103 79 52 980

204 2547 645 40 lasar v. lasser. lasciveo v. lascivio.

1163 2538 88 54 B.

187 2577 1104 51 *lascĩvia, -ae f. a lascivus. SYNON. Cic. p. 426, 2I gaudium.

131 2611 1160 51 laetitia ... lusus ... -a. exultatio. GLOSS. -a: ἀσωτία. voluptas animi.

131 2652 1137 44 Iuxuria. -ae: iocus, lusus, cachinnus. legitur inde a PLAVTO, TER.

210 2690 1083 41 i. q. habitus lascivus (hic illic significantur potius actus lasci¬

133 2724 1160 43 vientium, lascive facta sim., maxime per plur.; vis corporalis, qua magis

135 2756 1158 49 mobilitas, saltandi facultas sim. illustrentur, imprimis p. 980, 76. 981, 22

137 2795 1156 45 apparet; opp. data opera p. 880, 37; in, ad c. acc. p. 980, 55. 981, 42;

135 2825 1162 55 quasi persona est p. 981, 30): I in quibuslibet actionibus vel

135 2869 1162 43 condicionibus: A generatim (respiciuntur exsultantia, petulantia

135 2897 1160 50 vel intemperantia, improbitas sim.): 1 hominum nec non rerum ad

133 2934 1160 49 homines pertinentium (naturae quasi deae p. 980, 23; per iocum dicitur de

137 2974 1156 41 ipso homine l. 80): a sing.: PLAVT. Asin. 208 (de servo verberibus ad¬

137 3011 1158 44 sueto) gymnasium flagri, salveto ... : o virgarum -a (item c. gen. rerum

139 3040 1156 48 TAC. ann. 4, 48, 1 omittere stationes -a epularum. GELL. 6, 16, 6 matteas

135 3079 1156 43 repertas esse... per luxum animi..., per improbam satietatis -am.

137 3109 1156 51 ARNOB. nat. 1, 53 cachinnorum. al. gerund.: HIER. in Ezech. 25, 1-7

135 3147 1158 50 p. 234A insultandi). Trin. 751 adulesconti ... indomito, pleno amoris

2343 3187 188 39 [Beikircher]
